<?xml version="1.0" encoding="UTF-8"?><collection xmlns="http://www.loc.gov/MARC21/slim"><record><leader>00709nam--2200181-i-4500</leader><controlfield tag="001">000002445</controlfield><controlfield tag="002">20161230</controlfield><controlfield tag="005">20170108233609</controlfield><controlfield tag="008">060222s1000------------r-----000-0-eng-d</controlfield><datafield ind1=" " ind2=" " tag="040"><subfield code="a">IFIN-HH</subfield></datafield><datafield ind1=" " ind2=" " tag="080"><subfield code="a">539.183.2</subfield></datafield><datafield ind1="1" ind2=" " tag="110"><subfield code="a">National Academy Of Sciences</subfield></datafield><datafield ind1="1" ind2="0" tag="245"><subfield code="a">Mass differences II</subfield><subfield code="b">Nuclear science series a colpilation of experimental atomic mass differencies found from beta decay, reaction energies, microwave data, alpha decay and mass doublets</subfield></datafield><datafield ind1=" " ind2=" " tag="260"><subfield code="a">Washington, D.C</subfield><subfield code="b">National Academy Of Sciences</subfield><subfield code="c">?</subfield></datafield><datafield ind1=" " ind2=" " tag="300"><subfield code="a">/409 p.-836 p.</subfield></datafield><datafield ind1=" " ind2=" " tag="490"><subfield code="a">Nuclear Science Series - National Research Council Publication 649</subfield><subfield code="v">Report Number 25</subfield></datafield><datafield ind1=" " ind2=" " tag="852"><subfield code="a">13144</subfield><subfield code="c">539</subfield></datafield><datafield ind1=" " ind2=" " tag="CAT"><subfield code="a">SYS</subfield><subfield code="c">20170108</subfield><subfield code="h">233609</subfield></datafield></record></collection>